<?xml version="1.0" encoding="UTF-8" standalone="yes"?>
<Document xmlns="urn:iso:std:iso:20022:tech:xsd:camt.054.001.02">
    <BkToCstmrDbtCdtNtfctn>
        <GrpHdr>
            <MsgId>959172706.136317.4754</MsgId>
            <CreDtTm>2020-07-28T14:30:28.085+02:00</CreDtTm>
        </GrpHdr>
        <Ntfctn>
            <Id>1323b48682024e87bbd7151f7643cb3c</Id>
            <CreDtTm>2020-07-28T14:30:28.085+02:00</CreDtTm>
            <Acct>
                <Id>
                    <Othr>
                        <Id>42010219641</Id>
                        <SchmeNm>
                            <Cd>BBAN</Cd>
                        </SchmeNm>
                    </Othr>
                </Id>
                <Ccy>EUR</Ccy>
                <Svcr>
                    <FinInstnId>
                        <BIC>SPTRNO22XXX</BIC>
                        <ClrSysMmbId>
                            <ClrSysId>
                                <Prtry>NOBSK</Prtry>
                            </ClrSysId>
                            <MmbId>4201</MmbId>
                        </ClrSysMmbId>
                    </FinInstnId>
                </Svcr>
            </Acct>
            <TxsSummry>
                <TtlNtries>
                    <NbOfNtries>1</NbOfNtries>
                </TtlNtries>
            </TxsSummry>
            <Ntry>
                <NtryRef>175538</NtryRef>
                <Amt Ccy="EUR">1</Amt>
                <CdtDbtInd>DBIT</CdtDbtInd>
                <Sts>BOOK</Sts>
                <BookgDt>
                    <Dt>2020-07-28</Dt>
                </BookgDt>
                <ValDt>
                    <Dt>2020-07-28</Dt>
                </ValDt>
                <AcctSvcrRef>175538</AcctSvcrRef>
                <BkTxCd>
                    <Domn>
                        <Cd>PMNT</Cd>
                        <Fmly>
                            <Cd>ICDT</Cd>
                            <SubFmlyCd>XBCT</SubFmlyCd>
                        </Fmly>
                    </Domn>
                    <Prtry>
                        <Cd>PMNTIICTXBCT</Cd>
                    </Prtry>
                </BkTxCd>
                <NtryDtls>
                    <TxDtls>
                        <Refs>
                            <MsgId>466816</MsgId>
                            <PmtInfId>466816</PmtInfId>
                            <InstrId>466816</InstrId>
                            <EndToEndId>PAYCTINTOUPNP</EndToEndId>
                        </Refs>
                        <AmtDtls>
                            <InstdAmt>
                                <Amt Ccy="EUR">1</Amt>
                                <CcyXchg>
                                    <SrcCcy>EUR</SrcCcy>
                                    <TrgtCcy>EUR</TrgtCcy>
                                    <XchgRate>1</XchgRate>
                                </CcyXchg>
                            </InstdAmt>
                            <TxAmt>
                                <Amt Ccy="EUR">1</Amt>
                            </TxAmt>
                            <CntrValAmt>
                                <Amt Ccy="NOK">10.67</Amt>
                            </CntrValAmt>
                            <PrtryAmt>
                                <Tp>IBS</Tp>
                                <Amt Ccy="EUR">1</Amt>
                            </PrtryAmt>
                        </AmtDtls>
                        <Chrgs>
                            <Amt Ccy="EUR">0.94</Amt>
                            <Tp>
                                <Prtry>
                                    <Id>1</Id>
                                </Prtry>
                            </Tp>
                            <Br>DEBT</Br>
                        </Chrgs>
                        <Chrgs>
                            <Amt Ccy="EUR">1.41</Amt>
                            <Tp>
                                <Prtry>
                                    <Id>1</Id>
                                </Prtry>
                            </Tp>
                            <Br>DEBT</Br>
                        </Chrgs>
                        <RltdPties>
                            <Cdtr>
                                <Nm>CreditorInt</Nm>
                                <PstlAdr>
                                    <Ctry>DE</Ctry>
                                </PstlAdr>
                            </Cdtr>
                            <CdtrAcct>
                                <Id>
                                    <IBAN>DE89370400440532013000</IBAN>
                                </Id>
                            </CdtrAcct>
                        </RltdPties>
                        <RltdAgts>
                            <DbtrAgt>
                                <FinInstnId>
                                    <BIC>SPTRNO22XXX</BIC>
                                    <Nm>SPAREBANK 1 SMN</Nm>
                                    <PstlAdr>
                                        <TwnNm>TRONDHEIM</TwnNm>
                                        <Ctry>NO</Ctry>
                                    </PstlAdr>
                                </FinInstnId>
                            </DbtrAgt>
                            <CdtrAgt>
                                <FinInstnId>
                                    <BIC>DAAEDEDDXXX</BIC>
                                    <Nm>DEUTSCHE APOTHEKER- UND AERZTEBANK</Nm>
                                    <PstlAdr>
                                        <PstCd>40547</PstCd>
                                        <TwnNm>DUESSELDORF</TwnNm>
                                        <Ctry>DE</Ctry>
                                        <AdrLine>RICHARD-OSKAR-MATTERN-STRASSE 6</AdrLine>
                                        <AdrLine>POB 101031, 40001</AdrLine>
                                        <AdrLine>GERMANY</AdrLine>
                                    </PstlAdr>
                                </FinInstnId>
                            </CdtrAgt>
                        </RltdAgts>
                    </TxDtls>
                </NtryDtls>
            </Ntry>
        </Ntfctn>
    </BkToCstmrDbtCdtNtfctn>
</Document>
