<?xml version="1.0" encoding="UTF-8"?><Wrapper xmlns:xs="http://www.w3.org/2001/XMLSchema" xmlns="urn:pin.payment.edb.com:authpain001wrapper:v1_0" ><auth><![CDATA[<?xml version="1.0" encoding="UTF-8"?><AgreementAuthorizationRequest><authRequest><agreementData><agreementId>CUSTOMERID</agreementId><bankId>4201</bankId><userId>CUSTOMERID</userId><userFirstName>Anita</userFirstName><userLastName>Korsgaard</userLastName><userIdType>EXTU</userIdType><productID>11</productID><organizationId>CUSTOMERID</organizationId><preapproved>true</preapproved><rejectionLevel>TRANSACTION</rejectionLevel><origin>NDR</origin><allowPartialCancellation>false</allowPartialCancellation><allowCancellationPriorToPayment>false</allowCancellationPriorToPayment></agreementData><agreementAccount><accountNumber>ACCOUNTID</accountNumber><swiftAdress>SPTRNO22XXX</swiftAdress><currencyCode>NOK</currencyCode><accountType>CurrencyCoreFD</accountType><access>CREDIT_AND_DEBIT</access><bookingLevel>D</bookingLevel><approvalLimit>0</approvalLimit><registerLimit>0</registerLimit><numberOfVerifiers>0</numberOfVerifiers><numberOfApprovers>1</numberOfApprovers></agreementAccount><metaInformation><receivedTimestamp>2020-02-06T14:24:06</receivedTimestamp></metaInformation></authRequest></AgreementAuthorizationRequest>]]></auth><content><![CDATA[<?xml version="1.0" encoding="UTF-8"?><Document xmlns:xsi="http://www.w3.org/2001/XMLSchema-instance" xmlns="urn:iso:std:iso:20022:tech:xsd:pain.001.001.04"><CstmrCdtTrfInitn><GrpHdr><MsgId>FNIP_M1.TIMESTAMP</MsgId><CreDtTm>2017-06-19T14:24:12.053+02:00</CreDtTm><Authstn><Cd>ILEV</Cd></Authstn><Authstn><Prtry>PAYMENT_TELEPAY</Prtry></Authstn><NbOfTxs>2</NbOfTxs><CtrlSum>2.40</CtrlSum><InitgPty><Nm>Mentor Medier AS</Nm><Id><OrgId><AnyBIC>SPTRNO22XXX</AnyBIC><Othr><Id>122032456</Id><SchmeNm><Cd>BANK</Cd></SchmeNm></Othr><Othr><Id>537812</Id><SchmeNm><Cd>USAG</Cd></SchmeNm></Othr></OrgId></Id></InitgPty></GrpHdr><PmtInf><PmtInfId>TIMESTAMP.P1</PmtInfId><PmtMtd>TRF</PmtMtd><NbOfTxs>2</NbOfTxs><CtrlSum>2.40</CtrlSum><PmtTpInf><InstrPrty>NORM</InstrPrty><CtgyPurp><Cd>SUPP</Cd></CtgyPurp></PmtTpInf><ReqdExctnDt>DATE</ReqdExctnDt><Dbtr><Nm>Dagsavisen AS</Nm><PstlAdr><AdrTp>ADDR</AdrTp><AdrLine>Postboks 1183 Sentrum</AdrLine><AdrLine>0107 OSLO</AdrLine></PstlAdr><Id><OrgId><Othr><Id>980454347</Id><SchmeNm><Cd>CUST</Cd></SchmeNm></Othr></OrgId></Id></Dbtr><DbtrAcct><Id><Othr><Id>ACCOUNTID</Id><SchmeNm><Cd>BBAN</Cd></SchmeNm></Othr></Id></DbtrAcct><DbtrAgt><FinInstnId><BICFI>SPTRNO22XXX</BICFI></FinInstnId></DbtrAgt><InstrForDbtrAgt>FINP</InstrForDbtrAgt><ChrgBr>SHAR</ChrgBr><CdtTrfTxInf><PmtId><InstrId>TIMESTAMP.P1T1</InstrId><EndToEndId>TC01_Withcreditor tag 24 char</EndToEndId></PmtId><PmtTpInf><LclInstrm><Prtry>TLB</Prtry></LclInstrm></PmtTpInf><Amt><InstdAmt Ccy="NOK">1.30</InstdAmt></Amt><CdtrAgt><FinInstnId><BICFI>HANDSESS</BICFI><PstlAdr><AdrTp>ADDR</AdrTp><Ctry>SE</Ctry></PstlAdr></FinInstnId></CdtrAgt><Cdtr><Nm>ROGER HERCZ ROGER HERCZ ROGER HERCZ ROGER HERCZ ROGER HERCZ</Nm><PstlAdr><AdrTp>ADDR</AdrTp><Ctry>SE</Ctry><AdrLine>45, HASHEMESH STREET</AdrLine><AdrLine>CAESAREAISRAEL</AdrLine></PstlAdr><CtryOfRes>SE</CtryOfRes></Cdtr><CdtrAcct><Id><Othr><Id>ACCOUNTC</Id></Othr></Id></CdtrAcct><RmtInf><Strd><RfrdDocAmt><DuePyblAmt Ccy="NOK">1.30</DuePyblAmt></RfrdDocAmt><AddtlRmtInf>263009</AddtlRmtInf></Strd></RmtInf></CdtTrfTxInf><CdtTrfTxInf><PmtId><InstrId>TIMESTAMP.P1T2</InstrId><EndToEndId>TC02_without creditor tag</EndToEndId></PmtId><PmtTpInf><LclInstrm><Prtry>TLB</Prtry></LclInstrm></PmtTpInf><Amt><InstdAmt Ccy="NOK">1.10</InstdAmt></Amt><CdtrAgt><FinInstnId><BICFI>HANDSESS</BICFI><PstlAdr><AdrTp>ADDR</AdrTp><Ctry>SE</Ctry></PstlAdr></FinInstnId></CdtrAgt><Cdtr><Nm>ROGER HERCZ ROGER HERCZ ROGER HERCZ ROGER HERCZ ROGER HERCZ</Nm><PstlAdr><AdrTp>ADDR</AdrTp><Ctry>SE</Ctry><AdrLine>45, HASHEMESH STREET</AdrLine><AdrLine>CAESAREAISRAEL</AdrLine></PstlAdr><CtryOfRes>SE</CtryOfRes></Cdtr><RmtInf><Strd><RfrdDocAmt><DuePyblAmt Ccy="NOK">1.10</DuePyblAmt></RfrdDocAmt><AddtlRmtInf>263009</AddtlRmtInf></Strd></RmtInf></CdtTrfTxInf></PmtInf></CstmrCdtTrfInitn></Document>]]></content></Wrapper>