<?xml version="1.0" encoding="UTF-8"?><Wrapper xmlns:xs="http://www.w3.org/2001/XMLSchema" xmlns="urn:pin.payment.edb.com:authpain001wrapper:v1_0" ><auth><![CDATA[<?xml version="1.0" encoding="UTF-8"?><AgreementAuthorizationRequest><authRequest><agreementData><agreementId>600685</agreementId><bankId>4201</bankId><userId>CUSTOMERID</userId><userFirstName>Ext.Telepay</userFirstName><userLastName>EvryFileArchive</userLastName><userIdType>EXTU</userIdType><productID>0</productID><organizationId>921095899</organizationId><preapproved>true</preapproved><rejectionLevel>TRANSACTION</rejectionLevel><origin>PAYMUL</origin></agreementData><agreementAccount><accountNumber>ACCOUNTID</accountNumber><swiftAdress>SPTRNO22XXX</swiftAdress><currencyCode>NOK</currencyCode><accountType>CoreAccount</accountType><access>CREDIT_AND_DEBIT</access><bookingLevel>D</bookingLevel><approvalLimit>10000000</approvalLimit><registerLimit>10000000</registerLimit><numberOfVerifiers>0</numberOfVerifiers><numberOfApprovers>0</numberOfApprovers></agreementAccount><metaInformation><receivedTimestamp>2016-05-04T00:05:37</receivedTimestamp></metaInformation></authRequest></AgreementAuthorizationRequest>]]></auth><content><![CDATA[<?xml version="1.0" encoding="UTF-8"?><Document xmlns:xsi="http://www.w3.org/2001/XMLSchema-instance" xmlns="urn:iso:std:iso:20022:tech:xsd:pain.001.001.04"><CstmrCdtTrfInitn><GrpHdr><MsgId>M1.TIMESTAMP</MsgId><CreDtTm>2016-05-04T00:06:27.355+02:00</CreDtTm><NbOfTxs>3</NbOfTxs><CtrlSum>30000.00</CtrlSum><InitgPty><Nm>Vin fjerner &amp; co.</Nm><Id><OrgId><AnyBIC>SHEDNO22XXX</AnyBIC><Othr><Id>420007</Id><SchmeNm><Cd>BANK</Cd></SchmeNm></Othr></OrgId></Id></InitgPty></GrpHdr><PmtInf><PmtInfId>TIMESTAMP.P1</PmtInfId><PmtMtd>TRF</PmtMtd><NbOfTxs>1</NbOfTxs><CtrlSum>10000</CtrlSum><PmtTpInf><InstrPrty>NORM</InstrPrty></PmtTpInf><ReqdExctnDt>DATE</ReqdExctnDt><Dbtr><Id><OrgId><Othr><Id>921095899</Id></Othr></OrgId></Id></Dbtr><DbtrAcct><Id><Othr><Id>ACCOUNTID</Id><SchmeNm><Cd>BBAN</Cd></SchmeNm></Othr></Id></DbtrAcct><DbtrAgt><FinInstnId><BICFI>SHEDNO22XXX</BICFI></FinInstnId></DbtrAgt><ChrgBr>SHAR</ChrgBr><CdtTrfTxInf><PmtId><InstrId>TIMESTAMP.P1T1</InstrId><EndToEndId>TC_01_TIMESTAMP</EndToEndId></PmtId><PmtTpInf><InstrPrty>NORM</InstrPrty><CtgyPurp><Cd>NULL</Cd></CtgyPurp></PmtTpInf><Amt><InstdAmt Ccy="EUR">10000</InstdAmt></Amt><XchgRateInf><UnitCcy>EUR</UnitCcy><XchgRate>0013.0390</XchgRate><RateTp>AGRD</RateTp><CtrctId>ALFALF</CtrctId></XchgRateInf><CdtrAgt><FinInstnId><BICFI>HAWODEH1XXX</BICFI><PstlAdr><AdrTp>ADDR</AdrTp><Ctry>DE</Ctry><AdrLine>FOUNTAIN SQUARE HANLEY</AdrLine><AdrLine>STOKE-ON-TRENT, STAFFORDSHIRE ST11</AdrLine><AdrLine>GREAT BRITAIN</AdrLine></PstlAdr></FinInstnId></CdtrAgt><Cdtr><Nm>PORTMEIRION POTTERIES LTD</Nm><PstlAdr><AdrTp>ADDR</AdrTp><Ctry>DE</Ctry><AdrLine>LONDON ROAD, STOKE-ON-TRENT</AdrLine><AdrLine>ST4 7QQ</AdrLine></PstlAdr><CtryOfRes>DE</CtryOfRes></Cdtr><CdtrAcct><Id><IBAN>DE89370400440532013000</IBAN></Id></CdtrAcct><RgltryRptg><Dtls><Cd>14</Cd><Inf>Vareleveranser</Inf></Dtls></RgltryRptg><RmtInf><Ustrd>Only RR code and text</Ustrd></RmtInf></CdtTrfTxInf></PmtInf><PmtInf><PmtInfId>TIMESTAMP.P2</PmtInfId><PmtMtd>TRF</PmtMtd><NbOfTxs>1</NbOfTxs><CtrlSum>10000</CtrlSum><PmtTpInf><InstrPrty>NORM</InstrPrty><CtgyPurp><Cd>INTC</Cd></CtgyPurp></PmtTpInf><ReqdExctnDt>DATE</ReqdExctnDt><Dbtr><Nm>Dagsavisen AS</Nm><PstlAdr><AdrTp>ADDR</AdrTp><AdrLine>Postboks 1183 Sentrum</AdrLine><AdrLine>0107 OSLO</AdrLine></PstlAdr><Id><OrgId><Othr><Id>980454347</Id><SchmeNm><Cd>CUST</Cd></SchmeNm></Othr></OrgId></Id></Dbtr><DbtrAcct><Id><Othr><Id>ACCOUNTID</Id><SchmeNm><Cd>BBAN</Cd></SchmeNm></Othr></Id></DbtrAcct><DbtrAgt><FinInstnId><BICFI>SHEDNO22XXX</BICFI></FinInstnId></DbtrAgt><ChrgBr>SHAR</ChrgBr><CdtTrfTxInf><PmtId><InstrId>TIMESTAMP.P1T2</InstrId><EndToEndId>TC_02_TIMESTAMP</EndToEndId></PmtId><PmtTpInf><LclInstrm><Prtry>TLB</Prtry></LclInstrm></PmtTpInf><Amt><InstdAmt Ccy="EUR">10000</InstdAmt></Amt><CdtrAgt><FinInstnId><BICFI>HAWODEH1XXX</BICFI><PstlAdr><AdrTp>ADDR</AdrTp><Ctry>DE</Ctry><AdrLine>FOUNTAIN SQUARE HANLEY</AdrLine><AdrLine>STOKE-ON-TRENT, STAFFORDSHIRE ST11</AdrLine><AdrLine>GREAT BRITAIN</AdrLine></PstlAdr></FinInstnId></CdtrAgt><Cdtr><Nm>PORTMEIRION POTTERIES LTD</Nm><PstlAdr><AdrTp>ADDR</AdrTp><Ctry>DE</Ctry><AdrLine>LONDON ROAD, STOKE-ON-TRENT</AdrLine><AdrLine>ST4 7QQ</AdrLine></PstlAdr><CtryOfRes>DE</CtryOfRes></Cdtr><CdtrAcct><Id><IBAN>DE89370400440532013000</IBAN></Id></CdtrAcct><RgltryRptg><DbtCdtRptgInd>DEBT</DbtCdtRptgInd><Authrty><Nm>Finanstilsynet</Nm><Ctry>NO</Ctry></Authrty><Dtls><Dt>DATE</Dt><Ctry>NO</Ctry><Cd>14</Cd><Inf>Vareleveranser</Inf></Dtls></RgltryRptg><RmtInf><Ustrd>RR DEBT Indicator</Ustrd></RmtInf></CdtTrfTxInf></PmtInf><PmtInf><PmtInfId>TIMESTAMP.P3</PmtInfId><PmtMtd>TRF</PmtMtd><NbOfTxs>1</NbOfTxs><CtrlSum>10000</CtrlSum><PmtTpInf><InstrPrty>NORM</InstrPrty><CtgyPurp><Cd>INTC</Cd></CtgyPurp></PmtTpInf><ReqdExctnDt>DATE</ReqdExctnDt><Dbtr><Nm>Dagsavisen AS</Nm><PstlAdr><AdrTp>ADDR</AdrTp><AdrLine>Postboks 1183 Sentrum</AdrLine><AdrLine>0107 OSLO</AdrLine></PstlAdr><Id><OrgId><Othr><Id>980454347</Id><SchmeNm><Cd>CUST</Cd></SchmeNm></Othr></OrgId></Id></Dbtr><DbtrAcct><Id><Othr><Id>ACCOUNTID</Id><SchmeNm><Cd>BBAN</Cd></SchmeNm></Othr></Id></DbtrAcct><DbtrAgt><FinInstnId><BICFI>SHEDNO22XXX</BICFI></FinInstnId></DbtrAgt><ChrgBr>SHAR</ChrgBr><CdtTrfTxInf><PmtId><InstrId>TIMESTAMP.P1T3</InstrId><EndToEndId>TC_03_TIMESTAMP</EndToEndId></PmtId><PmtTpInf><LclInstrm><Prtry>TLB</Prtry></LclInstrm></PmtTpInf><Amt><InstdAmt Ccy="EUR">10000</InstdAmt></Amt><CdtrAgt><FinInstnId><BICFI>HAWODEH1XXX</BICFI><PstlAdr><AdrTp>ADDR</AdrTp><Ctry>DE</Ctry><AdrLine>FOUNTAIN SQUARE HANLEY</AdrLine><AdrLine>STOKE-ON-TRENT, STAFFORDSHIRE ST11</AdrLine><AdrLine>GREAT BRITAIN</AdrLine></PstlAdr></FinInstnId></CdtrAgt><Cdtr><Nm>PORTMEIRION POTTERIES LTD</Nm><PstlAdr><AdrTp>ADDR</AdrTp><Ctry>DE</Ctry><AdrLine>LONDON ROAD, STOKE-ON-TRENT</AdrLine><AdrLine>ST4 7QQ</AdrLine></PstlAdr><CtryOfRes>DE</CtryOfRes></Cdtr><CdtrAcct><Id><IBAN>DE89370400440532013000</IBAN></Id></CdtrAcct><RgltryRptg><DbtCdtRptgInd>CRED</DbtCdtRptgInd><Authrty><Nm>Finanstilsynet</Nm><Ctry>NO</Ctry></Authrty><Dtls><Dt>DATE</Dt><Ctry>NO</Ctry><Cd>14</Cd><Inf>Vareleveranser</Inf></Dtls></RgltryRptg><RmtInf><Ustrd>RR CREDIT Indicator</Ustrd></RmtInf></CdtTrfTxInf></PmtInf></CstmrCdtTrfInitn></Document>]]></content></Wrapper>