<?xml version="1.0" encoding="UTF-8"?><Wrapper xmlns:xs="http://www.w3.org/2001/XMLSchema" xmlns="urn:pin.payment.edb.com:authpain001wrapper:v1_0"><auth><![CDATA[<?xml version="1.0" encoding="UTF-8"?><AgreementAuthorizationRequest><authRequest><agreementData><agreementId>CUSTOMERID</agreementId><bankId>4201</bankId><userId>CUSTOMERID</userId><userFirstName>Anita</userFirstName><userLastName>Korsgaard</userLastName><userIdType>EXTU</userIdType><productID>11</productID><organizationId>CUSTOMERID</organizationId><preapproved>true</preapproved><rejectionLevel>TRANSACTION</rejectionLevel><origin>NDR</origin><allowPartialCancellation>false</allowPartialCancellation><allowCancellationPriorToPayment>false</allowCancellationPriorToPayment></agreementData><agreementAccount><accountNumber>ACCOUNTID</accountNumber><swiftAdress>SPTRNO22XXX</swiftAdress><currencyCode>NOK</currencyCode><accountType>CurrencyCoreFD</accountType><access>CREDIT_AND_DEBIT</access><bookingLevel>D</bookingLevel><approvalLimit>0</approvalLimit><registerLimit>0</registerLimit><numberOfVerifiers>0</numberOfVerifiers><numberOfApprovers>1</numberOfApprovers></agreementAccount><metaInformation><receivedTimestamp>DATET14:24:06</receivedTimestamp></metaInformation></authRequest></AgreementAuthorizationRequest>]]></auth><content><![CDATA[<?xml version="1.0" encoding="UTF-8"?><Document xmlns:xsi="http://www.w3.org/2001/XMLSchema-instance" xmlns="urn:iso:std:iso:20022:tech:xsd:pain.001.001.03"><CstmrCdtTrfInitn><GrpHdr><MsgId>M2.TIMESTAMP</MsgId><CreDtTm>DATET12:15:12.053+02:00</CreDtTm><NbOfTxs>2</NbOfTxs><CtrlSum>20</CtrlSum><InitgPty><Nm>6oo685 TESTS V3</Nm><Id><OrgId><BICOrBEI>SPTRNO22XXX</BICOrBEI><Othr><Id>35000121671</Id><SchmeNm><Cd>CUST</Cd></SchmeNm></Othr></OrgId></Id></InitgPty></GrpHdr><PmtInf><PmtInfId>TIMESTAMP.P1</PmtInfId><PmtMtd>TRF</PmtMtd><NbOfTxs>1</NbOfTxs><CtrlSum>10</CtrlSum><PmtTpInf><InstrPrty>NORM</InstrPrty><CtgyPurp><Cd>SUPP</Cd></CtgyPurp></PmtTpInf><ReqdExctnDt>DATE</ReqdExctnDt><Dbtr><Nm>Dagsavisen AS</Nm><PstlAdr><AdrTp>ADDR</AdrTp><AdrLine>Postboks 1183 Sentrum</AdrLine><AdrLine>0107 OSLO</AdrLine></PstlAdr><Id><OrgId><Othr><Id>980454347</Id><SchmeNm><Cd>CUST</Cd></SchmeNm></Othr></OrgId></Id></Dbtr><DbtrAcct><Id><Othr><Id>ACCOUNTID</Id><SchmeNm><Cd>BBAN</Cd></SchmeNm></Othr></Id></DbtrAcct><DbtrAgt><FinInstnId><BIC>SPTRNO22XXX</BIC></FinInstnId></DbtrAgt><ChrgBr>SHAR</ChrgBr><CdtTrfTxInf><PmtId><InstrId>TIMESTAMP.P1T1</InstrId><EndToEndId>TC_04_TIMESTAMP</EndToEndId></PmtId><PmtTpInf><InstrPrty>NORM</InstrPrty></PmtTpInf><Amt><InstdAmt Ccy="NOK">10</InstdAmt></Amt><Cdtr><Nm>Albrekt</Nm></Cdtr><CdtrAcct><Id><Othr><Id>42125659505</Id></Othr></Id></CdtrAcct><RgltryRptg><DbtCdtRptgInd>DEBT</DbtCdtRptgInd><Authrty><Nm>Finanstilsynet</Nm><Ctry>NO</Ctry></Authrty><Dtls><Dt>DATE</Dt><Ctry>NO</Ctry><Cd>14</Cd><Inf>Vareleveranser</Inf></Dtls></RgltryRptg></CdtTrfTxInf></PmtInf><PmtInf><PmtInfId>TIMESTAMP.P2</PmtInfId><PmtMtd>TRF</PmtMtd><NbOfTxs>1</NbOfTxs><CtrlSum>10</CtrlSum><PmtTpInf><InstrPrty>NORM</InstrPrty><CtgyPurp><Cd>SUPP</Cd></CtgyPurp></PmtTpInf><ReqdExctnDt>DATE</ReqdExctnDt><Dbtr><Nm>Dagsavisen AS</Nm><PstlAdr><AdrTp>ADDR</AdrTp><AdrLine>Postboks 1183 Sentrum</AdrLine><AdrLine>0107 OSLO</AdrLine></PstlAdr><Id><OrgId><Othr><Id>980454347</Id><SchmeNm><Cd>CUST</Cd></SchmeNm></Othr></OrgId></Id></Dbtr><DbtrAcct><Id><Othr><Id>ACCOUNTID</Id><SchmeNm><Cd>BBAN</Cd></SchmeNm></Othr></Id></DbtrAcct><DbtrAgt><FinInstnId><BIC>SPTRNO22XXX</BIC></FinInstnId></DbtrAgt><ChrgBr>SHAR</ChrgBr><CdtTrfTxInf><PmtId><InstrId>TIMESTAMP.P1T2</InstrId><EndToEndId>TC_05_TIMESTAMP</EndToEndId></PmtId><PmtTpInf><InstrPrty>NORM</InstrPrty></PmtTpInf><Amt><InstdAmt Ccy="NOK">10</InstdAmt></Amt><Cdtr><Nm>Albrekt</Nm></Cdtr><CdtrAcct><Id><Othr><Id>42125659505</Id></Othr></Id></CdtrAcct><RgltryRptg><DbtCdtRptgInd>CRED</DbtCdtRptgInd><Authrty><Nm>Finanstilsynet</Nm><Ctry>NO</Ctry></Authrty><Dtls><Dt>DATE</Dt><Ctry>NO</Ctry><Cd>14</Cd><Inf>Vareleveranser</Inf></Dtls></RgltryRptg></CdtTrfTxInf></PmtInf></CstmrCdtTrfInitn></Document>]]></content></Wrapper>